<record><leader>00000cas a2200000 a 4500</leader><controlfield tag="001">5424276</controlfield><controlfield tag="008">790925c19799999njuwr ne      0   a0eng d</controlfield><datafield ind1=" " ind2=" " tag="010"><subfield code="a">sn 79007549 </subfield></datafield><datafield ind1=" " ind2=" " tag="040"><subfield code="a">NSD</subfield><subfield code="b">eng</subfield><subfield code="c">NSD</subfield><subfield code="d">NJW</subfield><subfield code="d">OCL</subfield><subfield code="d">OCLCQ</subfield></datafield><datafield ind1=" " ind2=" " tag="012"><subfield code="k">1</subfield><subfield code="m">c</subfield></datafield><datafield ind1="1" ind2=" " tag="022"><subfield code="a">0195-2498</subfield><subfield code="l">0195-2498</subfield><subfield code="2">1</subfield></datafield><datafield ind1="1" ind2=" " tag="029"><subfield code="a">AU@</subfield><subfield code="b">000020514805</subfield></datafield><datafield ind1=" " ind2=" " tag="032"><subfield code="a">495570</subfield><subfield code="b">USPS</subfield></datafield><datafield ind1=" " ind2=" " tag="037"><subfield code="b">Recorder Pub. Co., Box 174, 336 Rt. 46, Budd Lake, NJ  07828</subfield></datafield><datafield ind1=" " ind2=" " tag="042"><subfield code="a">nsdp</subfield></datafield><datafield ind1=" " ind2="0" tag="222"><subfield code="a">Mt. Olive chronicle</subfield></datafield><datafield ind1="0" ind2="0" tag="245"><subfield code="a">Mt. Olive chronicle.</subfield></datafield><datafield ind1="3" ind2=" " tag="246"><subfield code="a">Mount Olive chronicle</subfield></datafield><datafield ind1="1" ind2="0" tag="246"><subfield code="a">Mount Olive chronicle</subfield></datafield><datafield ind1=" " ind2=" " tag="260"><subfield code="a">Budd Lake, N.J. :</subfield><subfield code="b">Recorder Pub. Co.,</subfield><subfield code="c">1979-</subfield></datafield><datafield ind1=" " ind2=" " tag="310"><subfield code="a">Weekly</subfield></datafield><datafield ind1="0" ind2=" " tag="362"><subfield code="a">Vol. 1, no. 1 (Sept. 6, 1979)-</subfield></datafield><datafield ind1=" " ind2=" " tag="752"><subfield code="a">United States</subfield><subfield code="b">New Jersey</subfield><subfield code="c">Morris</subfield><subfield code="d">Budd Lake.</subfield></datafield><datafield ind1=" " ind2=" " tag="752"><subfield code="a">United States</subfield><subfield code="b">New Jersey</subfield><subfield code="c">Morris</subfield><subfield code="d">Mount Olive.</subfield></datafield><datafield ind1=" " ind2=" " tag="936"><subfield code="a">Sept. 6, 1979</subfield></datafield></record>